<record><leader>00000cas a2200000 a 4500</leader><controlfield tag="001">13343226</controlfield><controlfield tag="008">860325d18981926iludn ne      0   a0eng c</controlfield><datafield ind1=" " ind2=" " tag="010"><subfield code="a">sn 86086402 </subfield></datafield><datafield ind1=" " ind2=" " tag="040"><subfield code="a">NPV</subfield><subfield code="b">eng</subfield><subfield code="c">NPV</subfield><subfield code="d">NVF</subfield><subfield code="d">OCLCQ</subfield><subfield code="d">NVF</subfield><subfield code="d">OCLCQ</subfield><subfield code="d">NVF</subfield><subfield code="d">OCLCQ</subfield><subfield code="d">OCLCF</subfield><subfield code="d">NVF</subfield><subfield code="d">OCLCO</subfield></datafield><datafield ind1="1" ind2=" " tag="029"><subfield code="a">AU@</subfield><subfield code="b">000025828229</subfield></datafield><datafield ind1=" " ind2=" " tag="042"><subfield code="a">pcc</subfield></datafield><datafield ind1=" " ind2=" " tag="043"><subfield code="a">n-us-il</subfield></datafield><datafield ind1="0" ind2="0" tag="245"><subfield code="a">Kewanee daily star-courier.</subfield></datafield><datafield ind1="1" ind2="3" tag="246"><subfield code="a">Kewanee star-courier</subfield></datafield><datafield ind1="3" ind2=" " tag="246"><subfield code="a">Kewanee daily star courier</subfield></datafield><datafield ind1="3" ind2=" " tag="246"><subfield code="a">Kewanee star courier</subfield></datafield><datafield ind1=" " ind2=" " tag="260"><subfield code="a">Kewanee, Ill. :</subfield><subfield code="b">Kewanee Print. and Pub. Co.,</subfield><subfield code="c">1898-1926.</subfield></datafield><datafield ind1=" " ind2=" " tag="300"><subfield code="a">v.</subfield></datafield><datafield ind1=" " ind2=" " tag="310"><subfield code="a">Daily (except Sunday)</subfield></datafield><datafield ind1="0" ind2=" " tag="362"><subfield code="a">Vol. 1, no. 1 (May 2, 1898) ; v. 4, no. 68 (May 3, 1898)-v. 31, no. 168 (July 13, 1926).</subfield></datafield><datafield ind1=" " ind2=" " tag="530"><subfield code="a">Preservation microfilmed by the University of Illinois at Urbana-Champaign Library as part of the United States Newspaper Program; the year 1898 (on 1 microfilm reel) is available for purchase from OCLC Preservation Service Centers.</subfield></datafield><datafield ind1=" " ind2=" " tag="580"><subfield code="a">Weekly ed.: Kewanee weekly star-courier, &lt;1903-1909&gt;</subfield></datafield><datafield ind1=" " ind2=" " tag="580"><subfield code="a">Formed by the union of: Evening star (Kewanee, Ill.), and: Kewanee daily courier.</subfield></datafield><datafield ind1=" " ind2="0" tag="651"><subfield code="a">Kewanee (Ill.)</subfield><subfield code="v">Newspapers.</subfield></datafield><datafield ind1=" " ind2="7" tag="651"><subfield code="a">Illinois</subfield><subfield code="z">Kewanee.</subfield><subfield code="2">fast</subfield><subfield code="0">(OCoLC)fst01219159</subfield></datafield><datafield ind1=" " ind2="7" tag="655"><subfield code="a">Newspapers.</subfield><subfield code="2">fast</subfield><subfield code="0">(OCoLC)fst01423814</subfield></datafield><datafield ind1=" " ind2=" " tag="752"><subfield code="a">United States</subfield><subfield code="b">Illinois</subfield><subfield code="c">Henry</subfield><subfield code="d">Kewanee.</subfield></datafield><datafield ind1="1" ind2=" " tag="775"><subfield code="t">Kewanee weekly star-courier</subfield><subfield code="w">(DLC)sn 93055477</subfield><subfield code="w">(OCoLC)27314780</subfield></datafield><datafield ind1="1" ind2="4" tag="780"><subfield code="t">Evening star (Kewanee, Ill.)</subfield><subfield code="w">(DLC)sn2004061967</subfield><subfield code="w">(OCoLC)56059386</subfield></datafield><datafield ind1="1" ind2="4" tag="780"><subfield code="t">Kewanee daily courier</subfield><subfield code="w">(DLC)sn2004061969</subfield><subfield code="w">(OCoLC)56059234</subfield></datafield><datafield ind1="0" ind2="0" tag="785"><subfield code="t">Kewanee star-courier</subfield><subfield code="w">(DLC)sn 93055478</subfield><subfield code="w">(OCoLC)27314897</subfield></datafield></record>